
@inproceedings{besta_slim_2019,
	title = {Slim graph: practical lossy graph compression for approximate graph processing, storage, and analytics},
	url = {https://doi.org/10.1145/3295500.3356182},
	doi = {10.1145/3295500.3356182},
	booktitle = {Proceedings of the {International} {Conference} for {High} {Performance} {Computing}, {Networking}, {Storage} and {Analysis}, {SC} 2019, {Denver}, {Colorado}, {USA}, {November} 17-19, 2019},
	author = {Besta, Maciej and Weber, Simon and Gianinazzi, Lukas and Gerstenberger, Robert and Ivanov, Andrey and Oltchik, Yishai and Hoefler, Torsten},
	year = {2019},
	pages = {35:1--35:25}
}

@inproceedings{deng_tie:_2019,
	title = {{TIE}: energy-efficient tensor train-based inference engine for deep neural network},
	url = {https://doi.org/10.1145/3307650.3322258},
	doi = {10.1145/3307650.3322258},
	booktitle = {Proceedings of the 46th {International} {Symposium} on {Computer} {Architecture}, {ISCA} 2019, {Phoenix}, {AZ}, {USA}, {June} 22-26, 2019},
	author = {Deng, Chunhua and Sun, Fangxuan and Qian, Xuehai and Lin, Jun and Wang, Zhongfeng and Yuan, Bo},
	year = {2019},
	pages = {264--278}
}

@inproceedings{dhulipala_low-latency_2019,
	title = {Low-latency graph streaming using compressed purely-functional trees},
	url = {https://doi.org/10.1145/3314221.3314598},
	doi = {10.1145/3314221.3314598},
	booktitle = {Proceedings of the 40th {ACM} {SIGPLAN} {Conference} on {Programming} {Language} {Design} and {Implementation}, {PLDI} 2019, {Phoenix}, {AZ}, {USA}, {June} 22-26, 2019},
	author = {Dhulipala, Laxman and Blelloch, Guy E. and Shun, Julian},
	year = {2019},
	pages = {918--934}
}

@inproceedings{dong_network_2019,
	title = {Network {Density} of {States}},
	url = {https://doi.org/10.1145/3292500.3330891},
	doi = {10.1145/3292500.3330891},
	booktitle = {Proceedings of the 25th {ACM} {SIGKDD} {International} {Conference} on {Knowledge} {Discovery} \& {Data} {Mining}, {KDD} 2019, {Anchorage}, {AK}, {USA}, {August} 4-8, 2019},
	author = {Dong, Kun and Benson, Austin R. and Bindel, David},
	year = {2019},
	pages = {1152--1161}
}

@inproceedings{frankle_lottery_2019,
	title = {The {Lottery} {Ticket} {Hypothesis}: {Finding} {Sparse}, {Trainable} {Neural} {Networks}},
	url = {https://openreview.net/forum?id=rJl-b3RcF7},
	booktitle = {7th {International} {Conference} on {Learning} {Representations}, {ICLR} 2019, {New} {Orleans}, {LA}, {USA}, {May} 6-9, 2019},
	author = {Frankle, Jonathan and Carbin, Michael},
	year = {2019}
}

@inproceedings{hua_boosting_2019,
	title = {Boosting the {Performance} of {CNN} {Accelerators} with {Dynamic} {Fine}-{Grained} {Channel} {Gating}},
	url = {https://doi.org/10.1145/3352460.3358283},
	doi = {10.1145/3352460.3358283},
	booktitle = {Proceedings of the 52nd {Annual} {IEEE}/{ACM} {International} {Symposium} on {Microarchitecture}, {MICRO} 2019, {Columbus}, {OH}, {USA}, {October} 12-16, 2019},
	author = {Hua, Weizhe and Zhou, Yuan and Sa, Christopher De and Zhang, Zhiru and Suh, G. Edward},
	year = {2019},
	pages = {139--150}
}

@inproceedings{ma_neugraph:_2019,
	title = {{NeuGraph}: {Parallel} {Deep} {Neural} {Network} {Computation} on {Large} {Graphs}},
	url = {https://www.usenix.org/conference/atc19/presentation/ma},
	booktitle = {2019 {USENIX} {Annual} {Technical} {Conference}, {USENIX} {ATC} 2019, {Renton}, {WA}, {USA}, {July} 10-12, 2019},
	author = {Ma, Lingxiao and Yang, Zhi and Miao, Youshan and Xue, Jilong and Wu, Ming and Zhou, Lidong and Dai, Yafei},
	year = {2019},
	pages = {443--458}
}

@inproceedings{sivathanu_astra:_2019,
	title = {Astra: {Exploiting} {Predictability} to {Optimize} {Deep} {Learning}},
	url = {https://doi.org/10.1145/3297858.3304072},
	doi = {10.1145/3297858.3304072},
	booktitle = {Proceedings of the {Twenty}-{Fourth} {International} {Conference} on {Architectural} {Support} for {Programming} {Languages} and {Operating} {Systems}, {ASPLOS} 2019, {Providence}, {RI}, {USA}, {April} 13-17, 2019},
	author = {Sivathanu, Muthian and Chugh, Tapan and Singapuram, Sanjay S. and Zhou, Lidong},
	year = {2019},
	pages = {909--923}
}